@book{ref1,
    author = {Fiodor Dostojewski},
    title = {Bracia Kazamow},
    year = {1913},
    url = {https://pl.wikisource.org/wiki/Bracia_Karamazow/Rozdzia%C5%82_pierwszy/I}
}